2248 3674
181 825 510 985 Despicient'nttper
535 844 555 887 e
577 823 704 891 fenestra
719 827 884 891 vid'rblnat

270 922 406 993 vetulas,
432 918 561 981 firauitet
577 921 779 996 blaterantes,
800 923 885 983 lente

182 1019 215 1079 in
226 1020 326 1100 platea
337 1013 487 1076 incedere.
529 1010 777 1091 Quarumaltern,
797 1004 886 1095 adea,¹

184 1129 262 1190 qnae
274 1109 303 1169 ei
315 1106 449 1168 narrabat
466 1106 573 1177 altera,
594 1103 676 1166 forte
693 1104 732 1167 de
749 1114 885 1169 annonr'e

184 1200 323 1273 caritate,
345 1217 377 1263 et
387 1198 556 1261 ‘furcarum
572 1199 604 1259 in
623 1196 749 1261 Galliam
766 1202 886 1283 descen7

185 1282 218 1355 su
226 1338 234 1367 ,
241 1312 271 1356 et
278 1295 316 1356 de
322 1292 475 1360 insomniis
482 1291 590 1371 quibus
597 1290 794 1372 lpsaproxima
800 1298 888 1359 noer

185 1387 296 1466 agitata
305 1384 418 1458 fuerat,
439 1384 521 1445 etde
532 1380 663 1445 monstro
675 1404 805 1466 nupero,
826 1409 888 1469 quo

185 1479 320 1542 adultera
333 1474 405 1540 esset
415 1476 517 1549 enixa,
538 1492 570 1537 et
582 1475 620 1537 de
633 1472 776 1540 fimilibus
789 1480 887 1559 rebus,

185 1572 332 1667 auriculpt
348 1570 518 1651 arrigebet,
547 1565 667 1652 litspiria
689 1568 828 1648 trahens,
854 1593 888 1638 et

185 1690 304 1744 manus,
324 1689 396 1753 prae
405 1666 539 1750 stupore,
550 1666 587 1729 ad
599 1661 719 1730 coelunt
736 1672 887 1734 attollens.

187 1772 236 1844 Sic
248 1766 348 1832 fabula
359 1766 450 1833 initio
461 1766 541 1829 inter
552 1785 716 1848 easmegna
728 1758 889 1832 eoncordia

188 1866 317 1940 aerest,
338 1860 397 1936 sed,
408 1878 479 1924 cum
490 1862 611 1923 tandem
622 1884 679 1924 vna
695 1867 890 1944 pertinaciter

188 1965 326 2030 negaret,
346 1965 422 2026 quae
433 1946 524 2006 altera
534 1944 700 2007 constanter
715 1942 889 2023 affirmasset,

190 2040 345 2125 paullatim
360 2036 479 2119 surgere
497 2038 598 2098 cristae
616 2055 796 2117 coeperunt,
816 2060 890 2101 con·

191 2133 370 2210 citatiorque
380 2130 532 2209 vtriusque
544 2128 642 2189 oratio
653 2127 728 2189 falla
741 2129 791 2191 est.
812 2132 889 2191 Mon

191 2246 262 2291 etun
277 2240 383 2286 neutra
399 2243 500 2285 earum
521 2223 615 2284 vellet
633 2220 759 2297 cedere,
791 2225 889 2306 primo
946 2248 949 2251 ·

190 2333 357 2402 coeperunt
367 2314 420 2376 stbi
436 2315 568 2383 inuicem
584 2312 780 2394 exprobrare,
801 2334 892 2396 quae-
961 2304 964 2313 ’

190 2433 311 2496 cunque
322 2410 475 2489 malefatln
486 2410 608 2469 alterius
619 2409 667 2468 vel
685 2410 827 2469 memoria
844 2426 892 2469 te-

135 2540 139 2549 .
190 2514 313 2573 nerent,
331 2495 381 2557 vel
393 2496 437 2556 ira
448 2493 634 2574 suppeteret,
654 2511 724 2554 mox
742 2492 807 2553 vsae
824 2491 893 2554 sunt

193 2592 337 2675 distulit,
358 2591 489 2669 denique
501 2588 683 2648 verberibus.

162 2746 166 2767 Ι
233 2774 338 2852 Atque
365 2786 466 2842 tunc,
508 2789 576 2833 cunr
598 2764 732 2833 vidiffem
759 2765 796 2827 ad
825 2785 895 2839 eutn

192 2868 350 2940 modum,
405 2882 466 2945 quo
487 2865 593 2937 ,oratio
625 2881 726 2925 earum
754 2859 896 2922 effemer·

801 2966 893 3022 teret,
