2260 3682
668 398 694 437 .’
797 404 860 535 '25

165 606 234 704 Risu
246 623 404 703 exeeptus,
425 622 467 679 et,
480 605 562 685 quod
574 604 675 671 sutem
685 598 863 669 crederetur

162 704 299 789 scriptor,
322 701 449 766 abiehus
462 701 511 766 est.

863 854 927 905 *0

167 1021 176 1031 ,
210 974 364 1052 Quoniam
395 984 534 1052 quartum
566 973 702 1034 noluerat
728 970 863 1037 librarius

166 1070 213 1135 uti
224 1058 339 1147 ingenii
350 1066 519 1136 felicitate,
553 1082 622 1127 eum
639 1063 720 1127 libris
737 1067 864 1128 aliorum

168 1163 202 1231 in
220 1158 565 1237 vernaculam'linguam
588 1160 794 1230 transferendis
817 1162 866 1225 ad·

170 1275 318 1321 mouerat.
375 1242 455 1329 Sed,
475 1251 568 1325 ursit,
597 1255 628 1315 in
645 1273 681 1314 eo
694 1258 818 1337 negotio
831 1255 867 1319 ad

171 1353 281 1427 malam
298 1349 387 1415 fidem
400 1340 534 1419 'defecin
564 1364 596 1409 et
626 1348 677 1426 qui
706 1351 870 1429 exprimere

172 1445 281 1526 placita
292 1445 419 1511 aliorum
428 1437 590 1513 debuisset,
625 1440 686 1520 ipse
699 1439 871 1503 suumiudi-

171 1537 254 1598 cium
263 1558 326 1600 non
332 1552 452 1616 rogatus
464 1532 642 1617 interposuit
654 1555 664 1602 3
688 1533 813 1599 infames
830 1536 871 1597 ob

172 1648 246 1711 eam
259 1631 372 1715 causam
395 1630 466 1690 eius'
488 1628 751 1707 interpretationes
772 1629 870 1693 farne

173 1723 254 1798 sunt,
283 1745 339 1789 nec
352 1723 504 1804 quisquam
516 1722 617 1807 legere
631 1726 765 1807 optauit,
793 1744 870 1807 quae

173 1821 293 1901 ignotus
312 1817 520 1893 homunculus,
532 1822 637 1885 abusus
650 1822 778 1886 aliorum
790 1824 870 1885 cele

172 1916 281 1987 britate
293 1928 325 1974 et
341 1914 576 1994 existimatione,
608 1890 749 1983 infarcire
767 1918 871 1986 alienis

174 2008 369 2075 librissuerat
387 2020 520 2070 conatus
617 2050 621 2069 ,

182 2274 186 2284 ’
220 2284 309 2348 Nulli
327 2283 472 2345 iuuenum
489 2281 620 2364 plagium
636 2285 754 2351 felicius
773 2293 877 2363 euenit

180 2400 270 2462 quam
283 2376 399 2457 quinto.
448 2372 492 2448 Is,
514 2375 550 2436 ad
566 2377 780 2462 philosophiam
797 2385 875 2447 dela·

180 2468 245 2560 rus,
273 2471 428 2531 inuenerat
445 2467 584 2549 ignotum
608 2473 763 2555 quemdam
780 2474 877 2538 homi.

182 2588 253 2633 nem
266 2610 273 2639 ,
300 2587 355 2646 pro
367 2563 553 2649 philosophia
569 2569 753 2632 iamdudum
762 2569 879 2633 strenue

183 2663 379 2735 esurientem,
429 2663 525 2745 quiin
562 2685 693 2729 extrema
722 2665 801 2729 virae
831 2667 880 2728 de·
941 2664 946 2667 ’

135 2798 138 2807 ,
182 2751 372 2845 speratione,
410 2760 586 2845 farraginem
603 2762 883 2827 commentariorum

183 2848 473 2973 philosophicorum,
521 2857 557 2917 ab
591 2875 644 2932 eo,
697 2856 778 2940 (quis
808 2858 882 2937 hane

479 2953 566 3045 Br
838 2956 882 3024 fr-
