2248 3674
183 434 335 515 2122
409 442 411 451 ’

257 582 428 665 miscentes,
448 596 531 659 lente
546 595 738 674 incellemnt,
764 617 812 675 vt,
847 578 958 683 qnantb

262 685 455 773 impotentius
477 683 567 769 capiti
592 689 643 750 suo
668 710 804 774 optarent
825 697 959 778 ,propoli-

197 859 205 865 ,
247 802 327 847 ,tum
345 784 456 854 decus,
481 796 566 842 tanto
584 783 705 862 publice
722 787 895 850 viderentur
918 789 959 848 al·
1008 822 1010 825 ·

164 952 173 965 „
259 881 319 941 tius
350 876 507 956 despicere.
569 875 635 937 Hos
658 880 786 942 aniculas
804 880 957 960 quasdam
995 888 1001 895 “

261 974 360 1035 omnia
373 971 453 1032 domi
465 988 497 1029 et
516 964 585 1049 alibi
603 972 682 1051 gesta
696 992 862 1049 narrantes,
882 976 958 1037 inse·

263 1089 345 1139 curas
359 1067 433 1139 elle,
459 1064 627 1147 perhibent.
925 1079 927 1085 ¹

299 1206 586 1296 Iureconsultorum*
598 1212 675 1285 alii,
709 1215 804 1276 tribus
828 1214 957 1295 famulis,

258 1335 323 1382 earn
340 1312 379 1373 ob
397 1308 511 1370 causam
528 1306 680 1368 continebis
694 1351 702 1380 ,
729 1305 862 1370 'astorum
880 1310 956 1371 iudi-

258 1409 379 1472 cialium
390 1400 526 1484 pondere
533 1399 712 1479 imposuere,
735 1419 767 1460 vt
782 1421 872 1461 onera
883 1402 957 1479 haec

258 1503 406 1566 dolbrinae
430 1497 497 1557 suae
515 1494 631 1575 pollent
647 1496 783 1574 Apollini
801 1497 955 1568 ostentare,

171 1606 174 1619 '
257 1597 307 1655 alii
327 1607 444 1658 contra,
478 1587 557 1645 inter
575 1586 706 1644 eundum
727 1587 875 1645 clamitare
892 1608 955 1649 non

256 1686 379 1749 desiere:
400 1677 489 1738 laudo
502 1676 689 1757 florentinam
706 1676 879 1746 leelionem5
901 1698 955 1758 ge.

254 1776 417 1843 minatione
436 1789 510 1848 opus
530 1768 586 1837 est3
616 1769 660 1829 nil
677 1770 799 1847 clarius,
828 1789 953 1836 truncus

240 1870 307 1949 fit,
330 1871 403 1955 quin
416 1866 523 1929 videat.

267 2076 272 2082 .
296 2026 445 2095 Nonnulli
462 2024 571 2105 paboni
589 2023 723 2106 imposita
740 2024 887 2089 vehebant
902 2048 952 2090 ana

161 2186 163 2191 .
253 2116 402 2205 tiquitatis'
430 2136 643 2192 monumenta,
688 2121 767 2201 signa
796 2143 813 2184 e
838 2143 904 2185 cera
921 2145 954 2193 et

254 2238 336 2290 nere,
364 2214 503 2296 patellas,
530 2211 682 2292 personas,
710 2212 876 2289 thuribula,
897 2236 953 2279 nu-

251 2334 318 2376 mos
331 2326 344 2382 ,‘
366 2328 516 2390 gemmas,
544 2329 644 2380 vrnas,
665 2308 731 2370 vasa
746 2311 950 2395 lacrimatoria,

251 2426 433 2475 marmoreos
446 2404 551 2464 titulos
565 2447 573 2476 ,
600 2422 632 2466 et
644 2405 760 2466 similia:
771 2408 950 2480 referebant,

254 2505 351 2584 capite
363 2497 436 2559 nudi
457 2512 488 2555 et
506 2496 615 2574 penula
637 2493 748 2566 induti,
769 2496 868 2558 eundo
887 2518 951 2578 grn-

253 2600 325 2661 dum
342 2608 479 2654 veterum
491 2588 555 2648 eius
573 2587 690 2667 generis
702 2586 862 2653 vestorum.
884 2590 951 2653 Post

252 2695 282 2756 se
295 2690 441 2753 habebant
458 2683 711 2747 nomenclatorem
729 2681 862 2757 seruum,
881 2702 951 2746 ante

252 2788 358 2856 alium,
380 2780 442 2860 qui,
456 2776 611 2838 consulum
625 2793 656 2836 et
670 2776 882 2856 imperatorum
898 2798 949 2859 pa·
991 2768 996 2777 “

98 2878 107 2893 ’
195 2910 198 2923 ·
251 2870 620 2954 bonevetkisimaginibus,
633 2870 711 2933 viam
723 2870 843 2933 faceret.
875 2916 879 2927 .
927 2910 931 2917 -

867 2952 947 3019 Emis
