2248 3674
798 475 859 568 1²3
930 454 934 459 “

113 662 116 668 ·
206 642 379 705 Eminebant
391 641 423 701 i'n
436 655 535 701 cetera
545 638 633 700 turba
644 651 763 698 morum
778 633 862 698 msti.

161 740 255 800 citate
269 756 301 798 et
313 736 449 815 superbia
461 733 779 804 oculorum-homines
796 730 862 809 qul·

164 836 255 906 dam,
283 834 375 893 libros
406 845 522 890 veteres
552 832 689 889 'manibus
711 846 861 903 tenentes,

167 938 199 982 et
211 939 361 1002 perpetuo
369 918 509 978 conuicio
520 917 560 977 fic
577 918 785 980 exclamantes:
807 921 864 981 sal..

166 1018 239 1077 litut
262 1029 344 1076 exeo
369 1006 529 1074 Graculus!
552 1011 861 1098 pontianellum,

167 1123 304 1190 oportet,
316 1126 457 1186 magnum
473 1109 671 1179 Burmanum,
704 1129 773 1169 cum
794 1111 865 1171 talia

169 1205 268 1265 dicere
280 1224 342 1263 non
356 1201 557 1273 erubescerem
578 1205 646 1282 lege
664 1224 732 1266 meo
749 1209 867 1288 pericu.

162 1297 216 1366 'los
238 1289 291 1357 etsi
303 1312 406 1355 omnes
420 1295 537 1357 codices
559 1295 741 1372 dissentiant,
752 1320 810 1379 ego
826 1299 867 1362 fic

169 1395 262 1472 lego:
294 1392 337 1452 Hi
360 1411 497 1471 quoque,
528 1393 682 1473 postquam
706 1394 738 1453 iu
759 1392 870 1476 campie

170 1486 312 1548 Boeotiae
319 1482 513 1556 aduenerunt,
527 1488 640 1565 legatos
652 1485 688 1545 ad
694 1487 869 1567 Apollinem

161 1570 325 1653 miserunt,
347 1580 399 1658 qui
412 1580 569 1642 modestiae
581 1572 721 1641 coronam
730 1582 868 1661 omnium

100 1696 104 1703 ·
167 1697 272 1738 eorum
288 1677 411 1737 nomine
429 1675 666 1757 deprecarentur.
709 1660 868 1759 Indignum

161 1773 225 1833 'rati
236 1771 371 1844 criticis,
391 1770 549 1833 modestiae
566 1771 690 1832 nomine
709 1774 815 1835 ornari.

159 1876 173 1897 ,
371 1876 375 1883 ,
483 1876 485 1882 ,

210 1964 275 2026 Alii
288 1956 406 2033 contra,
427 1963 507 2022 inter
524 1961 775 2045 eundumeterra
794 1961 869 2024 effa·
931 2034 934 2039 ἱ

132 2087 134 2091 ·
172 2059 281 2119 derunt
291 2054 404 2114 chartac
411 2058 419 2125 ,'
439 2072 508 2115 cum
520 2054 623 2133 sigillis·
634 2050 776 2124 etbullis,
798 2070 875 2132 qua·

66 2137 71 2145 ⁸
172 2157 217 2217 les
236 2153 331 2212 solent
350 2151 439 2235 hodie
459 2152 621 2230 diplomata
639 2168 767 2221 vocare,
800 2171 871 2231 quae

173 2270 229 2334 pro
248 2246 377 2323 antiquis
396 2261 427 2305 et
443 2248 521 2305 vetis
541 2243 748 2319 venditabant,
771 2264 871 2338 quam.

174 2349 222 2410 vis
233 2343 347 2407 easdem
359 2339 415 2421 ipsi·
423 2340 455 2400 in
467 2340 569 2402 eadem
580 2358 658 2402 terra
669 2359 737 2403 ante
754 2344 870 2424 aliquot

154 2444 168 2496 ζ
176 2442 239 2503 dies
262 2433 467 2517 deposuissent.
509 2434 565 2501 His
590 2433 696 2496 chartis
714 2437 872 2500 immensae

177 2532 376 2604 eruditionis,
410 2549 510 2595 rerum
532 2528 567 2589 ad
589 2529 717 2589 mediam
745 2530 874 2590 aetatem

166 2616 404 2699 pertinentium,
417 2615 525 2675 umam
536 2629 568 2673 et
573 2613 741 2693 principum
753 2613 877 2690 gratiam

176 2709 329 2773 consecuti
353 2708 442 2778 sunt,
473 2727 603 2789 quorum
626 2705 701 2768 lines
725 2703 771 2765 his
787 2705 876 2767 rebus

157 2890 160 2895 1
177 2806 313 2890 proferre
332 2789 495 2864 studelant.

815 2986 931 3051 Vin
